@book{Cook:2002:RSS:515316,
 author = {Cook, Perry R.},
 title = {Real Sound Synthesis for Interactive Applications},
 year = {2002},
 isbn = {1568811683},
 publisher = {A. K. Peters, Ltd.},
 address = {Natick, MA, USA},
}

@inproceedings{van2001foleyautomatic,
  title={FoleyAutomatic: physically-based sound effects for interactive simulation and animation},
  author={Van Den Doel, Kees and Kry, Paul G and Pai, Dinesh K},
  booktitle={Proceedings of the 28th annual conference on Computer graphics and interactive techniques},
  pages={537--544},
  year={2001},
  organization={ACM}
} 

@inproceedings{lloyd2011sound,
  title={Sound synthesis for impact sounds in video games},
  author={Lloyd, D Brandon and Raghuvanshi, Nikunj and Govindaraju, Naga K},
  booktitle={Symposium on Interactive 3D Graphics and Games},
  pages={PAGE--7},
  year={2011},
  organization={ACM}
}

@misc{bib:bpf,
  author       = {AspenCore, Inc.},
  title        = {Passive Band Pass Filter},
  howpublished = {\url{http://www.electronics-tutorials.ws/filter/filter_4.html}},
  year         = {Accessed: April 28,2017}
}



@COMMENT book{Deitel:2002,
author = {H. M. Deitel and P. J. Deitel and T. R. Nieto},
title = {Internet \& World Wide Web, How to Program},
publisher = {Prentice Hall},
year = 2002,
address = {Upper Saddle River, New Jersey, USA},
annote = {1366p},
}
@COMMENT misc{bib:cvx,
  author       = {Michael Grant and Stephen Boyd},
  title        = {{CVX}: Matlab Software for Disciplined Convex Programming, version 2.1},
  howpublished = {\url{http://cvxr.com/cvx}},
  month        = mar,
  year         = 2014
}

@COMMENT misc{bib:regu_manual,
  author       = {Per Christian Hansen},
  title        = {Regularization Tools: A Matlab Package for
Analysis and Solution of Discrete Ill-Posed Problems},
  month        = mar,
  year         = 2008
}
@COMMENT misc{bib:twoEars,
  author	= {Two!Ears Team.},
  title =  {Two!Ears Auditory Model 1.2},
  year = {2015},
  howpublished = {Doi: \url{10.5281/zenodo.47487}}
  }
@COMMENT article{bib:isometry,
  title     = "The restricted isometry property and its implications for compressed sensing",
  author    = "Emmanuel J. Candès",
  year      = "2008",
  volume    = "346",
  pages     = {589--592},
  journal   = "Comptes Rendus Mathematique",
}

@COMMENT article{bib:wookeun,
  title     = "Psychoacoustic evaluation of multichannel reproduced sounds using binaural synthesis and spherical beamforming",
  publisher = "Acoustical Society of America",
  author    = "Wookeun Song and Wolfgang Ellermeier and Joergen Hald",
  year      = "2011",
  doi       = "10.1121/1.3628323",
  volume    = "130",
  journal   = "Acoustical Society of America. Journal",
}
@COMMENT misc{bib:IRIS_brochure,
  title		= "IRIS",
  author	= "Marshall Day Acoustics",
  note		= "\url{http://www.iris.co.nz/}"
  }
 
@COMMENT phdthesis{bib:marton,
  title     = "Capturing and reproducing realistic acoustic scenes for hearing research",
  publisher = "Technical University of Denmark, Department of Electrical Engineering",
  author    = "Marton Marschall and Torsten Dau and Ewen MacDonald and Jorg Buchholz",
  year      = "2014",
  series    = "Contributions to Hearing Research",
}


@COMMENT incollection{bib:gb08,
  author    = {Michael Grant and Stephen Boyd},
  title     = {Graph implementations for nonsmooth convex programs},
  booktitle = {Recent Advances in Learning and Control},
  series    = {Lecture Notes in Control and Information Sciences},
  editor    = {V. Blondel and S. Boyd and H. Kimura},
  publisher = {Springer-Verlag Limited},
  pages     = {95--110},
  year      = 2008,
  note      = {\url{http://stanford.edu/~boyd/graph_dcp.html}}
}

@COMMENT inbook{bib:efren_xenaki,
  title     = "Sparse acoustic imaging with a spherical array",
  author    = "{Fernandez Grande}, Efren and Angeliki Xenaki",
  year      = "2015",
  booktitle = "Proceedings of EuroNoise 2015",
}
@COMMENT book{bib:rafaely,
author = {Boaz Rafaely},
title = {Fundamentals of Spherical Array Processing},
publisher = {Springer},
year = 2015,
}
@COMMENT book{bib:fourierAcoustics,
author = {Earl G. Williams},
title = {Fourier Acoustics: Sound Radiation and Nearfield Acoustical Holography},
publisher = {Academic Press},
year = 1999,
}
@COMMENT book{bib:blauert2005communication,
  title={Communication acoustics},
  author={Blauert, Jens},
  volume={2},
  year={2005},
  publisher={Springer}
}


@COMMENT book{bib:jacobsen2013fundamentals,
  title={Fundamentals of General Linear Acoustics},
  author={Jacobsen, Finn and Juhl, Peter Moller},
  year={2013},
  publisher={John Wiley \& Sons}
}
@COMMENT article{bib:vilkamo2009directional,
		title = {Directional Audio Coding: Virtual Microphone-Based Synthesis and Subjective Evaluation},
		author = {Vilkamo, Juha and Lokki, Tapio and Pulkki, Ville},
		journal = {J. Audio Eng. Soc},
		volume = {57},
		number = {9},
		pages = {709--724},
		year = {2009},
		url = {http://www.aes.org/e-lib/browse.cfm?elib=14838}
		}
@COMMENT article{bib:xenaki,
  title     = "Compressive beamforming",
  publisher = "Acoustical Society of America",
  author    = "Angeliki Xenaki and Klaus Mosegaard",
  year      = "2014",
  doi       = "10.1121/1.4883360",
  volume    = "136",
  number    = "1",
  pages     = "260--271",
  journal   = "Acoustical Society of America. Journal",
  issn      = "0001-4966",
}
@COMMENT article{bib:smir1,
  title     = "Rigid sphere room impulse response simulation: algorithm and applications",
  publisher = "Acoustical Society of America",
  author    = "D. P. Jarrett and E. A. P. Habets and M. R. P. Thomas and P. A. Naylor",
  year      = "2012",
  volume    = "132",
  number    = "3",
  pages     = "1462--1472",
  journal   = "Journal of the Acoustical Society of America",
}
@COMMENT article{bib:smir2,
  title     = "Simulating room impulse responses for spherical microphone arrays",
  publisher = "IEEE",
  author    = "D. P. Jarrett and E. A. P. Habets and M. R. P. Thomas and P. A. Naylor",
  year      = "2011",
  journal   = " Proc. of the IEEE International Conference on Acoustics, Speech, and Signal Processing",
  address  = "Prague, Czech Republic",
}
@COMMENT article{bib:image_method,
  title     = "Image method for efficiently simulating small-room acoustics",
  publisher = "Acoustical Society of America",
  author    = "J.B. Allen and D.A. Berkley",
  year      = "1979",
  volume    = "65",
  number    = "4",
  pages     = "943",
  journal   = "Journal of the Acoustical Society of America",
}

@COMMENT article{bib:Tervo2012b,
author = "S. Tervo and J. P{\"a}tynen and T. Lokki",
title = "Acoustic Reflection Localization from Room Impulse Responses",
journal = "Acta Acustica united with Acustica",
year = "2012",
volume = "98",
issue = "3",
pages = "418--440",
url = "http://dx.doi.org/10.3813/AAA.918527"
}
@string{jasa="J. Acoustical Society of America"}
@COMMENT Article{bib:patynen2013jasa,
  author = {J. P{\"a}tynen and S. Tervo and T. Lokki},
  year = {2013},
  title = {Analysis of concert hall acoustics via visualizations of time-frequency and spatiotemporal responses},
  journal = JASA,
  volume =	 {133},
  number =	 {2},
  month =        {Feb.},
  pages =	 {842--857},
	Keywords = {Room acoustic analysis}
}

@COMMENT article{bib:gover2004jasa,
  title     = "Measurements of directional properties of reverberant sound fields in rooms using a spherical microphone array",
  publisher = "Acoustical Society of America",
  author    = "Bradford N. Gover and James G. Ryan and Michael R. Stinson",
  year      = "2004",
  volume    = "116",
  number    = "4",
  pages     = "2138-2148",
  journal   = "Journal of the Acoustical Society of America",
}

@COMMENT article{bib:gerzon1973periphony,
  title = {Periphony: With-Height Sound Reproduction},
  author = {Gerzon, Michael A.},
  journal = {J. Audio Eng. Soc},
  volume = {21},
  number = {1},
  pages = {2--10},
  year = {1973},
  url = {http://www.aes.org/e-lib/browse.cfm?elib=2012}
}
@COMMENT inproceedings{bib:gerzon1992general,
  title={General metatheory of auditory localisation},
  author={Gerzon, Michael A},
  booktitle={Audio Engineering Society Convention 92},
  year={1992},
  organization={Audio Engineering Society}
}

@COMMENT conference{bib:daniel2003further,
  title = {Further Investigations of High-Order Ambisonics and Wavefield Synthesis for Holophonic Sound Imaging},
  author = {Daniel, Jerome and Moreau, Sebastien and Nicol, Rozenn},
  booktitle = {Audio Engineering Society Convention 114},
  month = {Mar},
  year = {2003},
  url = {http://www.aes.org/e-lib/browse.cfm?elib=12567}
  }
@COMMENT conference{bib:bertet20063drecordingHOA,
		title = {3D Sound Field Recording with Higher Order Ambisonics - Objective Measurements and Validation of Spherical Microphone},
		author = {Bertet, Stéphanie and Daniel, Jérôme and Moreau, Sébastien},
		booktitle = {Audio Engineering Society Convention 120},
		month = {May},
		year = {2006},
		url = {http://www.aes.org/e-lib/browse.cfm?elib=13661}
		}
@COMMENT article{bib:ward2001reproduction,
  title={Reproduction of a plane-wave sound field using an array of loudspeakers},
  author={Ward, Darren B and Abhayapala, Thushara D},
  journal={IEEE Transactions on speech and audio processing},
  volume={9},
  number={6},
  pages={697--707},
  year={2001},
  publisher={IEEE}
}


@COMMENT ARTICLE{bib:MalioutovMixed,
author={D. Malioutov and M. Cetin and A. S. Willsky},
journal={IEEE Transactions on Signal Processing},
title={A sparse signal reconstruction perspective for source localization with sensor arrays},
year={2005},
volume={53},
number={8},
pages={3010-3022},
doi={10.1109/TSP.2005.850882},
ISSN={1053-587X},
month={Aug},}

@COMMENT article{bib:dietrich2012ita,
  title={ITA-Toolbox--An Open Source MATLAB Toolbox for Acousticians},
  author={Dietrich, P and Guski, M and Pollow, M and Masiero, B and M{\"u}ller-Trapet, M and Scharrer, R and Vorl{\"a}nder, M},
  journal={Fortschritte der Akustik--DAGA},
  pages={151--152},
  year={2012}
}
@COMMENT article{bib:zotter2012all,
  title={All-round ambisonic panning and decoding},
  author={Zotter, Franz and Frank, Matthias},
  journal={Journal of the Audio Engineering Society},
  volume={60},
  number={10},
  pages={807--820},
  year={2012},
  publisher={Audio Engineering Society}
}
@COMMENT article{bib:sporsReview,
  title={Spatial sound with loudspeakers and its perception: A review of the current state},
  author={Spors, Sascha and Wierstorf, Hagen and Raake, Alexander and Melchior, Frank and Frank, Matthias and Zotter, Franz},
  journal={Proceedings of the IEEE},
  volume={101},
  number={9},
  pages={1920--1938},
  year={2013},
  publisher={IEEE}
}
@COMMENT inproceedings{bib:sporsComparison,
  title={A comparison of wave field synthesis and higher-order ambisonics with respect to physical properties and spatial sampling},
  author={Spors, Sascha and Ahrens, Jens},
  booktitle={Audio Engineering Society Convention 125},
  year={2008},
  organization={Audio Engineering Society}
}
@COMMENT conference{bib:daniel1998ambisonics,
title = {Ambisonics Encoding of Other Audio Formats for Multiple Listening Conditions},
author = {Daniel, Jérome and Rault, Jean-Bernard and Polack, Jean-Dominique},
booktitle = {Audio Engineering Society Convention 105},
month = {Sep},
year = {1998},
url = {http://www.aes.org/e-lib/browse.cfm?elib=8385}
}

@COMMENT article{bib:zotkin2004rendering,
  title={Rendering localized spatial audio in a virtual auditory space},
  author={Zotkin, Dmitry N and Duraiswami, Ramani and Davis, Larry S},
  journal={IEEE Transactions on Multimedia},
  volume={6},
  number={4},
  pages={553--564},
  year={2004},
  publisher={IEEE}
}
@COMMENT inproceedings{bib:davis2005high,
  title={High order spatial audio capture and its binaural head-tracked playback over headphones with HRTF cues},
  author={Davis, Larry S and Duraiswami, Ramani and Grassi, Elena and Gumerov, Nail A and Li, Zhiyun and Zotkin, Dmitry N},
  booktitle={Audio Engineering Society Convention 119},
  year={2005},
  organization={Audio Engineering Society}
}
@COMMENT article{bib:song2008using,
  title={Using beamforming and binaural synthesis for the psychoacoustical evaluation of target sources in noise},
  author={Song, Wookeun and Ellermeier, Wolfgang and Hald, J{\o}rgen},
  journal={The Journal of the Acoustical Society of America},
  volume={123},
  number={2},
  pages={910--924},
  year={2008},
  publisher={Acoustical Society of America}
}
@COMMENT inproceedings{bib:daniel2003spatial,
  title={Spatial sound encoding including near field effect: Introducing distance coding filters and a viable, new ambisonic format},
  author={Daniel, J{\'e}r{\^o}me},
  booktitle={Audio Engineering Society Conference: 23rd International Conference: Signal Processing in Audio Recording and Reproduction},
  year={2003},
  organization={Audio Engineering Society}
}
@COMMENT article{bib:ahrens2008analytical,
  title={An analytical approach to sound field reproduction using circular and spherical loudspeaker distributions},
  author={Ahrens, Jens and Spors, Sascha},
  journal={Acta Acustica united with Acustica},
  volume={94},
  number={6},
  pages={988--999},
  year={2008},
  publisher={S. Hirzel Verlag}
}
@COMMENT article{bib:wu2009theory,
  title={Theory and design of soundfield reproduction using continuous loudspeaker concept},
  author={Wu, Yan Jennifer and Abhayapala, Thushara D},
  journal={IEEE Transactions on Audio, Speech, and Language Processing},
  volume={17},
  number={1},
  pages={107--116},
  year={2009},
  publisher={IEEE}
}
@COMMENT article{bib:berkhout1988holographic,
  title={A holographic approach to acoustic control},
  author={Berkhout, Augustinus J},
  journal={Journal of the audio engineering society},
  volume={36},
  number={12},
  pages={977--995},
  year={1988},
  publisher={Audio Engineering Society}
}
@COMMENT article{bib:berkhout1993acoustic,
  title={Acoustic control by wave field synthesis},
  author={Berkhout, Augustinus J and de Vries, Diemer and Vogel, Peter},
  journal={The Journal of the Acoustical Society of America},
  volume={93},
  number={5},
  pages={2764--2778},
  year={1993},
  publisher={Acoustical Society of America}
}
@COMMENT inproceedings{bib:spors2008theory,
  title={The theory of wave field synthesis revisited},
  author={Spors, Sascha and Rabenstein, Rudolf and Ahrens, Jens},
  booktitle={124th AES Convention},
  pages={17--20},
  year={2008}
}

@COMMENT inproceedings{bib:avni2010_ILD_ITD,
  title={Sound localization in a sound field represented by spherical harmonics},
  author={Avni, Amir and Rafaely, Boaz},
  booktitle={International Symposium on Ambisonics and Spherical Acoustics},
  year={2010}
}
@COMMENT inproceedings{bib:avni2009interaural,
  title={Interaural cross correlation and spatial correlation in a sound field represented by spherical harmonics},
  author={Avni, Amir and Rafaely, Boaz},
  booktitle={Conference paper presented at the Ambisonics Symposium Graz},
  year={2009}
}
@COMMENT article{bib:bishop2006pattern,
  title={Pattern recognition},
  author={Bishop, Christopher M},
  journal={Machine Learning},
  volume={128},
  year={2006}
}
@COMMENT article{bib:okano1998relations,
  title={Relations among interaural cross-correlation coefficient (IACCE), lateral fraction (LFE), and apparent source width (ASW) in concert halls},
  author={Okano, Toshiyuki and Beranek, Leo L and Hidaka, Takayuki},
  journal={Journal of the Acoustical Society of America},
  volume={104},
  number={1},
  pages={255--265},
  year={1998},
  publisher={[New York: Acoustical Society of America]}
}
